@misc{lancedmicrosoft_understand_2024,
  title    = {Understand {Power} {Apps} {Studio} - {Power} {Apps}},
  url      = {https://learn.microsoft.com/en-us/power-apps/maker/canvas-apps/power-apps-studio},
  abstract = {Learn the components inside Power Apps Studio.},
  language = {en-us},
  urldate  = {2025-01-22},
  author   = {lancedMicrosoft},
  month    = oct,
  year     = {2024}
}


@misc{ecfan_przewodnik_2023,
  title    = {Przewodnik referencyjny dotyczący funkcji wyrażeń - {Azure} {Logic} {Apps}},
  url      = {https://learn.microsoft.com/pl-pl/azure/logic-apps/workflow-definition-language-functions-reference},
  abstract = {Przewodnik referencyjny dotyczący funkcji wyrażeń przepływu pracy dla usług Azure Logic Apps i Power Automate.},
  language = {pl-pl},
  urldate  = {2025-01-23},
  author   = {ecfan},
  month    = {December},
  year     = {2023}
}

@misc{reddy_break_nodate,
  title    = {Break {Loop} ({Apply} {To} {Each}) {If} {A} {Condition} {Fails} {In} {MS} {Flow}},
  url      = {https://www.c-sharpcorner.com/article/break-loop-apply-to-each-if-a-condition-fails-in-ms-flow/},
  abstract = {In this article, you will learn about breaking a loop (apply to each) if a condition fails in MS Flow.},
  language = {en},
  urldate  = {2025-01-23},
  author   = {Reddy, Mahipal},
  year     = {202X}
}

@misc{noauthor_jarowinkler_2024,
  title    = {Jaro-{Winkler} distance},
  url      = {https://en.wikipedia.org/w/index.php?title=Jaro%E2%80%93Winkler_distance&oldid=1248922016},
  abstract = {In computer science and statistics, the Jaro–Winkler similarity is a string metric measuring an edit distance between two sequences. It is a variant of the Jaro distance metric proposed in 1990 by William E. Winkler.},
  language = {en},
  urldate  = {2025-01-22},
  month    = {oct},
  year     = {2024}
}

@misc{vaid_comprehensive_2023,
  title    = {A {Comprehensive} {List} of {Similarity} {Search} {Algorithms} - {Crucial} {Bits}},
  url      = {https://crucialbits.com/blog/a-comprehensive-list-of-similarity-search-algorithms/},
  abstract = {Similarity search algorithms identify items within a dataset that exhibit resemblance to a given query item, with applications in information retrieval, recommendation systems, and data mining.},
  language = {en-US},
  language = {en-us},
  author   = {Vaid, Shabd},
  month    = {nov},
  year     = {2023}
}

@misc{tapanm-msft_official_nodate,
  title    = {Official {Microsoft} {Power} {Apps} documentation - {Power} {Apps}},
  url      = {https://learn.microsoft.com/en-us/power-apps/},
  abstract = {Discover how to make the most of Power Apps with online training courses, docs, and videos covering product capabilities and how-to articles.},
  language = {en-us},
  author   = {tapanm-MSFT},
  year     = {2023}
}

